<?xml version="1.0" encoding="UTF-8"?><collection xmlns="http://www.loc.gov/MARC21/slim"><record><leader>00455nam--2200133-i-4500</leader><controlfield tag="001">000003616</controlfield><controlfield tag="002">20161230</controlfield><controlfield tag="005">20170114003417</controlfield><controlfield tag="008">060222s1000------------r-----000-0-eng-d</controlfield><datafield ind1=" " ind2=" " tag="245"><subfield code="a">Calauza mecanicului de la instalatiile electro mecanice din minele de carbuni privind tehnica securitatii. Editia a II-a corectata si refacuta. Traducere din limba rusa</subfield></datafield><datafield ind1=" " ind2=" " tag="260"><subfield code="a">Bucuresti</subfield><subfield code="b">I.D.T</subfield><subfield code="c">[]1952</subfield></datafield><datafield ind1=" " ind2=" " tag="300"><subfield code="a">27 p</subfield></datafield><datafield ind1=" " ind2=" " tag="852"><subfield code="a">1346</subfield></datafield><datafield ind1=" " ind2=" " tag="CAT"><subfield code="a">SYS</subfield><subfield code="c">20170114</subfield><subfield code="h">003417</subfield></datafield></record></collection>